% This file was created with JabRef 2.10.
% Encoding: Cp1252


@Electronic{rennstrecke,
  Title                    = {Rennstrecke},
  Url                      = {http://www.zuckerpapierdruck.de/WebRoot/Store11/Shops/64260488/5270/17FF/4269/C2A7/84E7/C0A8/2BB8/B725/Rennstrecke_Fototorte_Tortenaufleger_Zuckerpapierdruck.jpg},

  Owner                    = {D060463},
  Timestamp                = {2016.01.11}
}

